@inproceedings{Karp,
author = {Karp, Richard},
year = {1972},
month = {01},
pages = {85-103},
title = {Reducibility Among Combinatorial Problems},
volume = {40},
isbn = {978-3-540-68274-5},
journal = {Complexity of Computer Computations},
doi = {10.1007/978-3-540-68279-0_8}
}

@article{Airline,
author = {Tajima, A. and Misono, S.},
year = {1999},
month = {03},
pages = {},
title = {Using a set packing formulation to solve airline seat allocation/reallocation problems},
volume = {42},
journal = {Journal of the Operations Research Society of Japan},
doi = {10.1016/S0453-4514(99)80003-9}
}

@article{Winner,
author = {Andersson, Arne and Tenhunen, Mattias and Ygge, F.},
year = {2000},
month = {05},
pages = {},
title = {Integer Programming for Combinatorial Auction Winner Determination},
journal = {ICMAS},
doi = {10.1109/ICMAS.2000.858429}
}

@inproceedings{Taming,
author = {Fujishima, Yuzo and Leyton-Brown, Kevin and Shoham, Yoav},
year = {1999},
month = {01},
pages = {548-553},
title = {Taming the Computational Complexity of Combinatorial Auctions: Optimal and Approximate Approaches.},
volume = {1},
journal = {IJCAI International Joint Conference on Artificial Intelligence}
}

@inproceedings{CABOB,
author = {Sandholm, Tuomas and Suri, Subhash and Gilpin, Andrew and Levine, David},
year = {2001},
month = {01},
pages = {1102-1108},
title = {CABOB: A Fast Optimal Algorithm for Combinatorial Auctions.},
journal = {IJCAI International Joint Conference on Artificial Intelligence}
}

@article{Land,
author = {Land, A. and Doig, A.},
year = {1960},
month = {07},
pages = {497-520},
title = {An Automatic Method of Solving Discrete Linear Programming Problems},
volume = {28},
journal = {Econometrica},
doi = {10.2307/1910129}
}

@masterthesis{Elisa,
author = {Bastos Silva, E.},
year = {2011},
month = {02},
title = {Metodologia e Simulação de Leilão simultâneo-combinatório para novos empreendimentos de geração de energia elétrica},
school ={Universidade Estadual de Campinas}
}

@inproceedings{guo2005using,
  title={Using a Lagrangian heuristic for a combinatorial auction problem},
  author={Guo, Yunsong and Lim, Andrew and Rodrigues, Brian and Tang, Jiqing},
  booktitle={17th IEEE International Conference on Tools with Artificial Intelligence (ICTAI'05)},
  pages={5--pp},
  year={2005},
  organization={IEEE}
}


@misc{benchmarks,
    title = {{Benchmarks for the Set Packing Problem}}, 
    howpublished = {\url{https://www.emse.fr/~delorme/SetPacking.html}}, 
    note = {Acessado em: 24/09/2020}
}

@article{Bron1973,
    author = {Bron, C. and Kerbosch, J.},
    year = {1973},
    month = {01},
    pages = {575-577},
    title = {Algorithm 457: Finding all cliques of an undirected graph},
    volume = {16},
    journal = {Commun ACM}
}


@misc{gurobi,  
    author = "Gurobi Optimization, LLC",  
    title = "Gurobi Optimizer Reference Manual",  
    year = 2020,  
    howpublished = {\url{http://www.gurobi.com}},
    note = {Acessado em: 24/09/2020}
}